
@article{junghanns1998there,
  title={{Are there practical alternatives to alpha-beta?}},
  author={Junghanns, Andreas},
  journal={ICGA Journal},
  volume={21},
  number={1},
  pages={14--32},
  year={1998},
  publisher={IOS Press}
}

@article{plaat2014mtd,
  title={MTD (f), A Minimax Algorithm faster than NegaScout},
  author={Plaat, Aske},
  journal={arXiv preprint arXiv:1404.1511},
  year={2014}
}

@inproceedings{kocsis2006uct,
 author = {Kocsis, Levente and Szepesv\'{a}ri, Csaba},
 title = {{Bandit based Monte-Carlo planning}},
 booktitle = {Proceedings of the 17th European conference on Machine Learning},
 series = {ECML'06},
 year = {2006},
 isbn = {3-540-45375-X, 978-3-540-45375-8},
 location = {Berlin, Germany},
 pages = {282--293},
 publisher = {Springer-Verlag},
 address = {Berlin, Heidelberg},
}

@article{gelly2012grand,
 author = {Gelly, Sylvain and Kocsis, Levente and Schoenauer, Marc and Sebag, Mich\`{e}le and Silver, David and Szepesv\'{a}ri, Csaba and Teytaud, Olivier},
 title = {{The grand challenge of computer Go: Monte Carlo tree search and extensions}},
 journal = {Communications ACM},
 issue_date = {March 2012},
 volume = {55},
 number = {3},
 month = mar,
 year = {2012},
 issn = {0001-0782},
 pages = {106--113},
 numpages = {8},
 url = {http://doi.acm.org/10.1145/2093548.2093574},
 urldate = {2013-05-16},
 doi = {10.1145/2093548.2093574},
 acmid = {2093574},
 publisher = {ACM},
 address = {New York, NY, USA}
} 

@article{lizotte2016multi,
  author    = {Daniel J. Lizotte and Eric B. Laber},
  title     = {{Multi-Objective Markov Decision Processes for Data-Driven Decision Support}},
  journal   = {Journal of Machine Learning Research},
  volume    = {17},
  pages     = {211:1--211:28},
  year      = {2016}
}

@article{farooq2016starcraft,
  title={{StarCraft AI Competition Report}},
  author={Farooq, Sehar Shahzad and Oh, In-Suk and Kim, Man-Jae and Kim, Kyung Joong},
  journal={AI Magazine},
  volume={37},
  number={2},
  pages={102--107},
  year={2016}
}

@article{mann1999northern,
  title={Northern hemisphere temperatures during the past millennium: Inferences, uncertainties, and limitations},
  author={Mann, Michael E and Bradley, Raymond S and Hughes, Malcolm K},
  journal={Geophysical research letters},
  volume={26},
  number={6},
  pages={759--762},
  year={1999},
  publisher={Wiley Online Library}
}

@book{kazmierkowski1994automatic,
  title={Automatic Control of Converter-Fed Drives},
  author={Kazmierkowski, M.P. and Tunia, H.},
  series={Automatic Control of Converter-fed Drives},
  year={1994},
  publisher={Elsevier Science},
  address = {Amsterdam, London, New York, Tokyo, Warsaw}
}

@inbook{wilamowski2018power,
  title={Power Electronics and Motor Drives},
  author={Wilamowski, B.M. and Irwin, J.D.},
  booktitle = "Campbell Biology",
  series={Electrical engineering handbook series},
  year={2018},
  publisher={CRC Press}
}

@incollection{kazmierkowski2011control,
  title={Control of Converter-Fed Induction Motor Drives},
  author={M.P. Kazmierkowski},
  booktitle={Industrial Electronics Handbook - Power Electronics and Motor Drives, 2nd ed.},
  editor={B. M. Wilamowski and J. D. Irvins},
  year={2011},
  publisher={CRC Taylor \& Francis},
  pages={21-1--21-39},
  doi={10.1201/b10643-26}
}


@incollection{urry2016photosynthesis,
      author    = "Lisa A. Urry and Michael L. Cain and Steven A. Wasserman and Peter V. Minorsky and Jane B. Reece",
      title     = "Photosynthesis",
      booktitle = "Campbell Biology",
      year      = "2016",
      publisher = "Pearson",
      address   = "New York, NY",
      pages     = "187--221"
    }
    
@inproceedings{holleis2010studying,
      author    = "Holleis, Paul and Wagner, Matthias and Koolwaaij, Johan",
      title     = "Studying mobile context-aware social services in the wild",
      booktitle = "Proc. of the 6th Nordic Conf. on Human-Computer Interaction",
      series    = "NordiCHI",
      year      = 2010,
      pages     = "207--216",
      publisher = "ACM",
      address   = "New York, NY"
    }
    
@article{kaczorek2005generalization,
  title={Generalization of Cayley-Hamilton theorem for nD polynomial matrices},
  author={Kaczorek, Tadeusz},
  journal={IEEE transactions on automatic control},
  volume={50},
  number={5},
  pages={671--674},
  year={2005},
  publisher={IEEE}
}

@misc{zotero_zotero_2018,
title = {Zotero {\textbar} {Your} personal research assistant},
url = {https://www.zotero.org/},
urldate = {2020-12-29},
author = {zotero},
year = {2018}
}

@misc{ieeetranbst,
title="BibTeX bibliography style: {IEEEtran}",
url = {https://ctan.org/pkg/ieeetran/},
urldate = {2020-12-29},
author = {},
year = {2020}
}

@article{stando2020constant,
  title={Constant switching frequency predictive control scheme for three-level inverter-fed sensorless induction motor drive},
  author={Stando, D and Kazmierkowski, MP},
  journal={Bulletin of the Polish Academy of Sciences. Technical Sciences},
  volume={68},
  number={5},
  doi={10.24425/bpasts.2020.134668},
  url={https://doi.org/10.24425/bpasts.2020.134668},
  year={2020}
}

